@book{rudin,
  title={Principles of mathematical analysis, 3rd Edition},
  author={Rudin, Walter},
  isbn={9910097476902121},
  year={1976},
  publisher={McGraw-Hill, New York}
}